<record><leader>00000cas a2200000 a 4500</leader><controlfield tag="001">2261024</controlfield><controlfield tag="008">760620d1799181upauwr ne      0    0eng c</controlfield><datafield ind1=" " ind2=" " tag="010"><subfield code="a">sn 83032094 </subfield></datafield><datafield ind1=" " ind2=" " tag="040"><subfield code="a">PIT</subfield><subfield code="b">eng</subfield><subfield code="c">PIT</subfield><subfield code="d">NPU</subfield><subfield code="d">DLC</subfield><subfield code="d">NPU</subfield><subfield code="d">NPH</subfield><subfield code="d">DLC</subfield><subfield code="d">NPH</subfield><subfield code="d">NPX</subfield><subfield code="d">DLC</subfield><subfield code="d">OCLCG</subfield><subfield code="d">OCLCQ</subfield><subfield code="d">OCLCO</subfield><subfield code="d">OCLCF</subfield></datafield><datafield ind1="1" ind2=" " tag="029"><subfield code="a">AU@</subfield><subfield code="b">000020417360</subfield></datafield><datafield ind1=" " ind2=" " tag="042"><subfield code="a">pcc</subfield></datafield><datafield ind1=" " ind2=" " tag="043"><subfield code="a">n-us-pa</subfield></datafield><datafield ind1="0" ind2="0" tag="050"><subfield code="a">Newspaper 9375-X</subfield></datafield><datafield ind1="0" ind2=" " tag="130"><subfield code="a">Farmers register (Greensburg, Pa. : 1799)</subfield></datafield><datafield ind1="1" ind2="4" tag="245"><subfield code="a">The farmers register.</subfield></datafield><datafield ind1=" " ind2=" " tag="260"><subfield code="a">Greensburg, Pa. :</subfield><subfield code="b">Snowden &amp; M'Corkle,</subfield><subfield code="c">1799-</subfield></datafield><datafield ind1=" " ind2=" " tag="300"><subfield code="a">volumes ;</subfield><subfield code="c">46 cm</subfield></datafield><datafield ind1=" " ind2=" " tag="310"><subfield code="a">Weekly</subfield></datafield><datafield ind1=" " ind2=" " tag="336"><subfield code="a">text</subfield><subfield code="b">txt</subfield><subfield code="2">rdacontent</subfield></datafield><datafield ind1=" " ind2=" " tag="337"><subfield code="a">unmediated</subfield><subfield code="b">n</subfield><subfield code="2">rdamedia</subfield></datafield><datafield ind1=" " ind2=" " tag="338"><subfield code="a">volume</subfield><subfield code="b">nc</subfield><subfield code="2">rdacarrier</subfield></datafield><datafield ind1="0" ind2=" " tag="362"><subfield code="a">Vol. 1, no. 1 (May 24, 1799)-</subfield></datafield><datafield ind1=" " ind2=" " tag="500"><subfield code="a">Publishers: John M. Snowden, 1803-1807; William S. Graham, &lt;1808-1810&gt;.</subfield></datafield><datafield ind1=" " ind2=" " tag="500"><subfield code="a">Last issue located: Vol. 3, no. 23 (June 29, 1810). Cf. Brigham, C.S. Amer. newspapers.</subfield></datafield><datafield ind1=" " ind2=" " tag="500"><subfield code="a">"Democratic Republican," &lt;1810&gt;.</subfield></datafield><datafield ind1="4" ind2=" " tag="510"><subfield code="a">Evans</subfield><subfield code="c">35464</subfield></datafield><datafield ind1="4" ind2=" " tag="510"><subfield code="a">Brigham, C.S. Amer. newspapers,</subfield><subfield code="c">p. 854</subfield></datafield><datafield ind1=" " ind2=" " tag="580"><subfield code="a">German ed.: Deutsche Bauer's Register. Cf. Brigham, C.S. Amer. newspapers.</subfield></datafield><datafield ind1=" " ind2="0" tag="651"><subfield code="a">Greensburg (Pa.)</subfield><subfield code="v">Newspapers.</subfield></datafield><datafield ind1=" " ind2="7" tag="655"><subfield code="a">Newspapers.</subfield><subfield code="2">fast</subfield><subfield code="0">(OCoLC)fst01423814</subfield></datafield><datafield ind1=" " ind2="7" tag="651"><subfield code="a">Pennsylvania</subfield><subfield code="z">Greensburg.</subfield><subfield code="2">fast</subfield><subfield code="0">(OCoLC)fst01210363</subfield></datafield><datafield ind1="1" ind2=" " tag="700"><subfield code="a">Snowden, John M.,</subfield><subfield code="d">1776-1845.</subfield></datafield><datafield ind1="1" ind2=" " tag="700"><subfield code="a">M'Corkle, William,</subfield><subfield code="d">1776?-1826.</subfield></datafield><datafield ind1="1" ind2=" " tag="700"><subfield code="a">Graham, William S.,</subfield><subfield code="d">-1815.</subfield></datafield><datafield ind1=" " ind2=" " tag="752"><subfield code="a">United States</subfield><subfield code="b">Pennsylvania</subfield><subfield code="c">Westmoreland</subfield><subfield code="d">Greensburg.</subfield></datafield><datafield ind1="1" ind2=" " tag="775"><subfield code="t">Deutsche Bauer's Register</subfield></datafield><datafield ind1="0" ind2="0" tag="785"><subfield code="t">Westmoreland and Indiana register</subfield><subfield code="w">(DLC)sn 86053508</subfield></datafield></record>